,-------------------.
|  BIBTEX ENTRIES   |
`-------------------'

@misc{TeXFAQ,
  author =        {UK \TeX{} Users Group},
  howpublished =  {\url{http://www.tex.ac.uk/cgi-bin/texfaq2html}},
  title =         {{UK} List of {\TeX} Frequently Asked Questions},
  year =          {2006},
}

@manual{NbaskervFont,
  author =        {Boris Veytsman},
  month =         {February},
  note =
  {\url{http://ctan.tug.org/tex-archive/fonts/psfonts/adobe/nbaskerv}},
  title =         {{\LaTeX} Support For New Baskerville Fonts From
                   Adobe},
  year =          {2008},
}

@manual{FuturansFont,
  author =        {Boris Veytsman},
  month =         {February},
  note =
  {\url{http://ctan.tug.org/tex-archive/fonts/psfonts/adobe/futurans}},
  title =         {{\LaTeX} Support For Futura Fonts From Adobe As Used
                   By No Starch Press},
  year =          {2008},
}

@manual{DogmaFont,
  author =        {Boris Veytsman},
  month =         {February},
  note =
  {\url{http://ctan.tug.org/tex-archive/fonts/psfonts/emigre/dogma}},
  title =         {{\LaTeX} Support For Dogma Fonts From Emigre
                   Graphics},
  year =          {2008},
}

@manual{ThsmcFont,
  author =        {Boris Veytsman},
  month =         {February},
  note =
  {\url{http://ctan.tug.org/tex-archive/fonts/psfonts/fontfabrik/thsmc}},
  title =         {{\LaTeX} Support For The Sans Mono Condensed Fonts},
  year =          {2008},
}

@manual{Oberdiek06:Ifpdf,
  author =        {Heiko Oberdiek},
  month =         {February},
  note =
  {\url{http://ctan.tug.org/tex-archive/macros/latex/contrib/oberdiek}},
  title =         {The \textsf{ifpdf} Package},
  year =          {2006},
}

@manual{Oostrum04:Fancyhdr,
  author =        {van Oostrum, Piet},
  month =         {March},
  note =
  {\url{http://ctan.tug.org/tex-archive/macros/latex/contrib/fancyhdr}},
  title =         {Page Layout in \LaTeX},
  year =          {2004},
}

@manual{Fear05:Booktabs,
  author =        {Simon Fear},
  month =         {April},
  note =
  {\url{http://ctan.tug.org/tex-archive/macros/latex/contrib/booktabs}},
  title =         {Publication Quality Tables in {\LaTeX}},
  year =          {2005},
}

@manual{Carlisle05:Graphics,
  author =        {D. P. Carlisle},
  month =         {November},
  note =
  {\url{http://ctan.tug.org/tex-archive/macros/latex/required/graphics}},
  title =         {Packages in the `Graphics' Bundle},
  year =          {2005},
}

@manual{Sommerfeldt07:Caption,
  author =        {Axel Sommerfeldt},
  month =         {February},
  note =
  {\url{http://ctan.tug.org/tex-archive/macros/latex/contrib/caption}},
  title =         {Typesetting Captions with the \textsf{caption}
                   Package},
  year =          {2007},
}

@manual{VanZandt98:Fancyvrb,
  author =        {Van Zandt, Timothy},
  editor =        {Denis Girou},
  month =         {July},
  note =
  {\url{http://ctan.tug.org/tex-archive/macros/latex/contrib/fancyvrb}},
  title =         {The \textsf{`fancyvrb'} Package. Fancy Verbatims in
                   {\LaTeX}},
  year =          {1998},
}

@manual{Schroeder03:Ragged2e,
  author =        {Martin Schr\"oder},
  month =         {March},
  note =
  {\url{http://ctan.tug.org/tex-archive/macros/latex/contrib/ms}},
  title =         {The \textsf{ragged2e} Package},
  year =          {2003},
}

@manual{Rahtz06:Hyperref,
  author =        {Sebastian Rahtz and Heiko Oberdiek},
  month =         {September},
  note =
  {\url{http://ctan.tug.org/tex-archive/macros/latex/contrib/hyperref}},
  title =         {Hypertext Marks in \LaTeX: a Manual for Hyperref},
  year =          {2006},
}

@book{Lamport94,
  address =       {Reading, Ma.},
  author =        {Leslie Lamport},
  edition =       {2},
  note =          {Illustrations by Duane Bibby},
  publisher =     {Addison-Wesley Publishing Company},
  title =         {{\LaTeX}: a Document Preparation System},
  year =          {1994},
}

@manual{Daly07:Natbib,
  author =        {Patrick W. Daly},
  month =         {February},
  note =
  {\url{http://ctan.tug.org/tex-archive/macros/latex/contrib/natbib}},
  title =         {Natural Sciences Citations and References
                   (Author-Year and Numerical Schemes)},
  year =          {2007},
}

@manual{Wilson04:Memoir,
  author =        {Peter Wilson},
  month =         {January},
  note =
  {\url{http://ctan.tug.org/tex-archive/macros/latex/contrib/memoir}},
  title =         {The Memoir Class for Configurable Typesetting},
  year =          {2004},
}

@manual{classes,
  author =        {Leslie Lamport and Frank Mittelbach and
                   Johannes Braams},
  note =
  {\url{http://ctan.tug.org/tex-archive/macros/latex/base}},
  title =         {Standard Document Classes for {\LaTeX{}} version 2e},
  year =          {1997},
}

@manual{Heinz07:Listings,
  author =        {Carsten Heinz and Brooks Moses},
  note =
  {\url{http://ctan.tug.org/tex-archive/macros/latex/contrib/listings}},
  title =         {The \textsf{Listings} Package},
  year =          {2007},
}


@manual{Covington03:Upquote,
  author =        {Michale A. Covington and Frank Mittelback},
  note =
  {\url{http://ctan.tug.org/tex-archive/macros/latex/contrib/upquote}},
  title =         {Covington's Upright-Quote Modification to Verbatim and 
                   Verb},
  year =          {2003},
}


